@inproceedings{takeda2016compact,
  title={Compact bit encoding schemes for simply-typed lambda-terms},
  author={Takeda, Kotaro and Kobayashi, Naoki and Yaguchi, Kazuya and Shinohara, Ayumi},
  booktitle={Proceedings of the 21st ACM SIGPLAN International Conference on Functional Programming},
  pages={146--157},
  year={2016},
  organization={ACM}
}

@article{tromp2007binary,
  title={Binary lambda calculus and combinatory logic},
  author={Tromp, John},
  journal={Cristian S. Calude},
  pages={237},
  year={2007}
}

@inproceedings{vytiniotis2010functional,
  title={Functional pearl: every bit counts},
  author={Vytiniotis, Dimitrios and Kennedy, Andrew J},
  booktitle={ACM Sigplan Notices},
  volume={45},
  number={9},
  pages={15--26},
  year={2010},
  organization={ACM}
}

@article{kennedy2012every,
  title={Every bit counts: The binary representation of typed data and programs},
  author={Kennedy, Andrew J and Vytiniotis, Dimitrios},
  journal={Journal of Functional Programming},
  volume={22},
  number={4-5},
  pages={529--573},
  year={2012},
  publisher={Cambridge Univ Press}
}

@inproceedings{lohrey2011tree,
  title={Tree structure compression with repair},
  author={Lohrey, Markus and Maneth, Sebastian and Mennicke, Roy},
  booktitle={2011 Data Compression Conference},
  pages={353--362},
  year={2011},
  organization={IEEE}
}

@article{kobayashi2012functional,
  title={Functional programs as compressed data},
  author={Kobayashi, Naoki and Matsuda, Kazutaka and Shinohara, Ayumi and Yaguchi, Kazuya},
  journal={Higher-Order and Symbolic Computation},
  volume={25},
  number={1},
  pages={39--84},
  year={2012},
  publisher={Springer}
}